% Referências Tese de Doutorado (Amanda Dantas)

% Referências Capítulo 1 (Introdução)
%-----------------------------------------------------------
% Verificar numero do volume
@article{Conti:1985,
Author = {R. Conti},
Date-Added = {},
Date-Modified = {},
Journal = {Quaderni UMI},
Volume = {30},
Pages = {},
Title = {Processi di Controllo Lineari in Rn },
Year = {1985}
}
%--------------------------------------------------------------
% Verificar numero do volume e Nome
@article{Alessandro:1997,
Author = {Paolo d' Alessandro and Elena De Santis},
Date-Added = {},
Date-Modified = {},
Journal = {Control and Dynamic Systems},
Volume = {71},
Pages = {35-94},
Title = {Techniques For Reachability in Input Constrained Discrete Time Linear Systemsl},
Year = {1997}
}
%------------------------------------------------------------------
@Misc{Kido:2011,
  OPTkey = 	 {},
  author = 	 {Rafael Hisashi Zanettic Kido},
  title = 	 {Uma Aplicação de Controle Preditivo Multiparamétrico em Planejamento da Produção},
  howpublished = {Engenharia de Computação e Elétrica},
  month = 	 dec,
  year = 	 2011,
  note = 	 {Universidade Estadual de Campinas},
  OPTannote = 	 {}
}
%---------------------------------------------------------------------
@Misc{Silva:2013,
  OPTkey = 	 {},
  author = 	 {Edsilson Alfredo Silva},
  title = 	 {Construção, Modelagem e controle de um Pêndulo Invertido com CLP e Software SCADA},
  howpublished = {Engenharia de Computação e Elétrica},
  month = 	 may,
  year = 	 2013,
  note = 	 {Universidade Paulista},
  OPTannote = 	 {São Paulo}
}
%----------------------------------------------------------------------
@Book{Lin:2007,
  author = 	 {Feng Lin},
  ALTeditor = 	 {},
  title = 	 {Robust Control Design an Optimal Control Approach},
  publisher = 	 {Editora Wlily},
  year = 	 {2007},
  OPTkey = 	 {},
  OPTvolume = 	 {},
  OPTnumber = 	 {},
  OPTseries = 	 {},
  address = 	 {},
  edition = 	 {},
  OPTmonth = 	 {},
  OPTnote = 	 {},
  OPTannote = 	 {}
}
%------------------------------------------------------------------------
@Book{Schaufelberger:2003,
  author = 	 {A. H. Glattfelder and W. Schaufelberger},
  ALTeditor = 	 {},
  title = 	 {Robust Control Design an Optimal Control Approach},
  publisher = 	 {Editora Springer},
  year = 	 {2003},
  OPTkey = 	 {},
  OPTvolume = 	 {},
  OPTnumber = 	 {},
  OPTseries = 	 {},
  address = 	 {London},
  edition = 	 {},
  OPTmonth = 	 {},
  OPTnote = 	 {},
  OPTannote = 	 {}
}
%-----------------------------------------------------------------------------
@Misc{Santos:1996,
  OPTkey = 	 {},
  author = 	 {Max Moura Santos},
  title = 	 {Regulação sob restrições com alocação de polos aborrgadem para invariância positiva e programação linear},
  howpublished = {Engenharia de Computação e Elétrica},
  month = 	 sep,
  year = 	 1996,
  note = 	 {Universidade de Santa Catarina},
  OPTannote = 	 {}
}
%-----------------------------------------------------------------------------
@article{Blanchini:1999,
Author = {F. Blanchini},
Date-Added = {},
Date-Modified = {},
Journal = {Revista Automática},
Volume = {35},
Pages = {1747-1767},
Title = {Set Invariance in Control},
Year = {1999}
}
%----------------------------------------------------------------------------
@article{Dorea:1999,
Author = {C. E. T. Dórea and J. C. Hennet},
Date-Added = {},
Date-Modified = {},
Journal = {Journal of optmization Theory and Applications},
Volume = {35},
Pages = {521-542},
Title = {(A, B)-Invariant Polyhedral Sets of Linear Discrete-Time Systemsl},
Year = {1999}
}
%-----------------------------------------------------------------------------
@inproceedings{Pimenta:2004,
author = {Antonio Carlos C. Pimenta and Carlos E. T. Dórea },
title = {(C, A)-Invariant Polyhedra and Design of State Observers with Error Limitation},
booktitle = {2nd Symposium on Systems, Structure and Control },
year = {2004},
month = {},
address = {Oaxaca}
}
%-----------------------------------------------------------------------------
@inproceedings{Dorea:2009,
author = {C. E. T. Dórea},
title = {Output-Feedback Controlled-Invariant Polyhedra for Constrained Linear Systems},
booktitle = {IEEE Conference on Decision adn Control and 28 th Chinese Control Conference },
year = {2009},
month = {},
address = {}
}
%------------------------------------------------------------------------------
@Book{Camacho:2007,
  author = 	 {Eduardo F. Camacho and Carlos Bordons},
  ALTeditor = 	 {},
  title = 	 {Model Predictive Control},
  publisher = 	 {Editora Springer},
  year = 	 {2007},
  OPTkey = 	 {},
  OPTvolume = 	 {},
  OPTnumber = 	 {},
  OPTseries = 	 {},
  address = 	 {London},
  edition = 	 {2},
  OPTmonth = 	 {},
  OPTnote = 	 {},
  OPTannote = 	 {}
}
%--------------------------------------------------------------------------
@article{Pistikopoulos:2012a,
Author = {Efstratios N. Pistikopoulos and Luis Dominguez and Christos Panos and Konstantinos Kouramas and Altannar Chinchuluun },
Date-Added = {},
Date-Modified = {},
Journal = {Computational Management Science},
Volume = {9},
Pages = {183-203},
Title = {Theoretical and algorithmic advances in multi-parametric programming and control},
Year = {2012a}
}
%--------------------------------------------------------------------------
@Book{Gal:1995,
  author = 	 {Gal Tomas},
  ALTeditor = 	 {},
  title = 	 {Postoptimal Analyses, Parametric Programming, and Related Topics},
  publisher = 	 {Editora DE},
  year = 	 {1995},
  OPTkey = 	 {},
  OPTvolume = 	 {},
  OPTnumber = 	 {},
  OPTseries = 	 {},
  address = 	 {Gruyter Berlin},
  edition = 	 {2},
  OPTmonth = 	 {},
  OPTnote = 	 {},
  OPTannote = 	 {}
}
%----------------------------------------------------------------------------
@inproceedings{Bemporad:2003,
author = {A. Bemporad and F. Borelli and M. Morari},
title = {Min-Max Control of Constrained Uncertain Discrete-Time Linear Systems},
booktitle = {IEEE Transactions on Automatic Control, 48},
year = {2003},
month = {},
address = {}
}
%---------------------------------------------------------------------------
@article{Rohal:2013,
Author = {Gergely Tokáscs and Boris Rohal'-llkiv },
Date-Added = {},
Date-Modified = {},
Journal = {Jornal of Vibration and Control},
Volume = {},
Pages = {1-20},
Title = {Model predictive control algorithms for active vibration control: a study on timing, performance and implementation properties},
Year = {2013}
}
%-------------------------------------------------------------------------
@inproceedings{Goebel:2013,
author = { G. Goebel  and   F.  Allgower },
title = {Obtaining and employing state dependent parametrizations of prespecified complexity in constrained MPC},
booktitle = {Annual Conference: Decision and Control (CDC), 2013 IEEE 52nd Annual Conference},
year = {2013},
month = {},
address = {}
}
%---------------------------------------------------------------------------
@Book{Brien:2011,
  author = 	 {James A. O' Brien},
  ALTeditor = 	 {},
  title = 	 {Sistemas de informação e As Decisões Gerais na era da Internet},
  publisher = 	 {Saraiva},
  year = 	 {2011},
  OPTkey = 	 {},
  OPTvolume = 	 {},
  OPTnumber = 	 {},
  OPTseries = 	 {},
  address = 	 {São Paulo},
  edition = 	 {3},
  OPTmonth = 	 {},
  OPTnote = 	 {},
  OPTannote = 	 {}
}
%-------------------------------------------------------------------------
@Book{Russell:2009,
  author = 	 {Stuart J. Russell and Peter Norvig},
  ALTeditor = 	 {},
  title = 	 {Artificial Intelligence: A Modern Approach},
  publisher = 	 {Prentice Hall},
  year = 	 {2009},
  OPTkey = 	 {},
  OPTvolume = 	 {},
  OPTnumber = 	 {},
  OPTseries = 	 {},
  address = 	 {New Jersey},
  edition = 	 {3},
  OPTmonth = 	 {},
  OPTnote = 	 {},
  OPTannote = 	 {}
}
%---------------------------------------------------------------------------
@Book{Ville:2006,
  author = 	 {Barry De Ville},
  ALTeditor = 	 {},
  title = 	 {Decision Trees for Business Intelligence and Data Mining: Using SAS Enterprise Miner},
  publisher = 	 {SAS Institute},
  year = 	 {2006},
  OPTkey = 	 {},
  OPTvolume = 	 {},
  OPTnumber = 	 {},
  OPTseries = 	 {},
  address = 	 {},
  edition = 	 {1},
  OPTmonth = 	 {},
  OPTnote = 	 {},
  OPTannote = 	 {}
}
%-------------------------------------------------------------------------------
@Book{Klopotek:2006,
  author = 	 {Mieczyslaw A. Klopotek and Slawomir T. Wierzchon and Krzysztof Trojanowski},
  ALTeditor = 	 {},
  title = 	 {Intelligent Information Processing and Web Mining},
  publisher = 	 {Springer},
  year = 	 {2006},
  OPTkey = 	 {},
  OPTvolume = 	 {},
  OPTnumber = 	 {},
  OPTseries = 	 {},
  address = 	 {},
  edition = 	 {1},
  OPTmonth = 	 {},
  OPTnote = 	 {},
  OPTannote = 	 {}
}
%----------------------------------------------------------------------------------
@Book{Maimon:2010,
  author = 	 {Oded Maimon and Lior Rokach},
  ALTeditor = 	 {},
  title = 	 {Data Mining and Knowledge Discovery Handbook},
  publisher = 	 {Springer},
  year = 	 {2010},
  OPTkey = 	 {},
  OPTvolume = 	 {},
  OPTnumber = 	 {},
  OPTseries = 	 {},
  address = 	 {New York},
  edition = 	 {2},
  OPTmonth = 	 {},
  OPTnote = 	 {},
  OPTannote = 	 {}
}
%---------------------------------------------------------------------------------
@Book{Montgomery:2012,
  author = 	 { Douglas C. Montgomery and Elizabeth A. Peck and G. Geoffrey Vining},
  ALTeditor = 	 {},
  title = 	 {Introduction to Linear Regression Analysis},
  publisher = 	 {Wiley},
  year = 	 {2012},
  OPTkey = 	 {},
  OPTvolume = 	 {},
  OPTnumber = 	 {},
  OPTseries = 	 {},
  address = 	 {New Jersey},
  edition = 	 {5},
  OPTmonth = 	 {},
  OPTnote = 	 {},
  OPTannote = 	 {}
}
%--------------------------------------------------------------------------------
@Book{Hair:2009,
  author = 	 {Joseph F. Hair and William C. Black and Barry J. Babin and Rolph E. Anderson and Ronald L. Tatham},
  ALTeditor = 	 {},
  title = 	 {Análise multivariada de dados},
  publisher = 	 {bookman},
  year = 	 {2009},
  OPTkey = 	 {},
  OPTvolume = 	 {},
  OPTnumber = 	 {},
  OPTseries = 	 {},
  address = 	 {Porto Alegre},
  edition = 	 {6},
  OPTmonth = 	 {},
  OPTnote = 	 {},
  OPTannote = 	 {}
}
%------------------------------------------------------------------------------------
@article{Wilmink:1984,
Author = {F. W. Wilmink and M.A. and  M.D. and  H. T. Uytterschaut },
Date-Added = {},
Date-Modified = {},
Journal = {Springe},
Volume = {},
Pages = {135-175},
Title = {Cluster Analysis, History, Theory and Applications},
Year = {1984}
}
%--------------------------------------------------------------------------------
@Misc{Prass:2004,
  OPTkey = {},
  author = {Fernando Sarturi Prass},
  title = {Estudo Comparativo entre Algoritmos de Análise de Agrupamentos em Data Mining},
  howpublished = {Ciência da Computação},
  month = nov,
  year = 2004,
  note = {Universidade de Santa Catarina},
  OPTannote = {Santa Catarina}
}
%-----------------------------------------------------------------------------------
@article{Clatworthy:2005,
Author = {Jane Clatworthy and Deanna Buick and Matthew Hankins, John Weinman and Robert Horne},
Date-Added = {},
Date-Modified = {},
Journal = {Journal of Health Psychology},
Volume = {10},
Pages = {329-358},
Title = {The use and reporting of cluster analysis in health psychology: a review},
Year = {2005}
}
%-----------------------------------------------------------------------------------
@inproceedings{Fonseca:2008,
author = { Jaime R. S. Fonseca},
title = {Os métodos quantitativos na sociologia: dificuldades de uma metodologia de investigação},
booktitle = {Congresso Português de Sociologia},
year = {2008},
month = {},
address = {Lisboa}
}
%-----------------------------------------------------------------------------------
@inproceedings{Langdon:2012,
author = { Esther Jean Langdon and Maj-Lis Follér and Sônia Weidner Maluf},
title = {Um balanço da antropologia da saúde no Brasil e seus diálogos com as antropologias mundiais},
booktitle = {Anuário Antropológico},
year = {2012},
month = {},
address = {jul}
}
%---------------------------------------------------------------------------------
@article{Ferrari-Trecatea:2003,
Author = {Giancarlo Ferrari-Trecatea and  Marco Musellic and Diego Liberatid and Manfred Moraria},
Date-Added = {},
Date-Modified = {},
Journal = {Automatica},
Volume = {39},
Pages = {205-217},
Title = {A clustering technique for the identification of piecewise affine systems},
Year = {2003}
}
%--------------------------------------------------------------------------------
@article{Yuksek:2005,
Author = {I. Yuksek and T. Kepceler and R. Guclu and N. Yagiz},
Date-Added = {},
Date-Modified = {},
Journal = {International Applied Mechanics},
Volume = {41},
Pages = {1204-1209},
Title = {Cluster PID Control of Viaduct Road Vibration},
Year = {2005}
}
%-------------------------------------------------------------------------------
@Book{Campos:2006,
  author = 	 {Mario Cesar M. Massa de Campos and Herbert C. G. Teixeira},
  ALTeditor =  {},
  title = 	 {Controles Típicos},
  publisher = 	 {Edgar Blucher},
  year = 	 {2006},
  OPTkey = 	 {},
  OPTvolume = 	 {},
  OPTnumber = 	 {},
  OPTseries = 	 {},
  address = 	 {São Paulo},
  edition = 	 {1},
  OPTmonth = 	 {},
  OPTnote = 	 {},
  OPTannote = 	 {}
}
%------------------------------------------------------------------------------------
% Verificar numero de paginas
@article{Jyoti:2011,
Author = {Kiran Jyoti and Satyaveer Singh},
Journal = {International Journal of Computer Applications},
Volume = {2},
Pages = {975 - 987},
Title = {Data Clustering Approach to Industrial Process Monitoring, Fault Detection and Isolation},
Year = {2011}
}
%------------------------------------------------------------------------------------
@article{Cao:2013,
Author = {Hui Cao and Lixin Jia and Gangquan Si and Yanbin Zhang},
Journal = {Journal of Process Control},
Volume = {1},
Pages = {34-43},
Title = {A Clustering-analysis-based membership functions formation method for fuzzy controller od ball mill pulverizing system},
Year = {2013}
}
%---------------------------------------------------------------------------------------------------
@Book{Polke:2008,
  author = 	{John Wiley},
  ALTeditor =  {},
  title = 	 {Process Control Enginnering},
  publisher = 	 {John Wiley},
  year = 	 {2008},
  OPTkey = 	 {},
  OPTvolume = 	 {},
  OPTnumber = 	 {},
  OPTseries = 	 {},
  address = 	 {New York},
  edition = 	 {1},
  OPTmonth = 	 {},
  OPTnote = 	 {},
  OPTannote = 	 {}
}

@phdthesis{Alberto:2006,
author = {Luís Fernando Alberto},
title = {Caracterização e Estimativas da Área de Atração de Sistemas Dinâmicos Não-Lineares},
school = {Universidade São Paulo Escola de Engenharia de São Carlos},
year = {2006}
}



%-----------------------------------------------------------------------------------------
%----------------------------------------------------------------------------------------

% Referências Capítulo 2 (Conceitos e Definições Preliminares)

%-------------------------------------------------------------------------
@Book{Kwong:2013,
  author = 	 {W. H. Kwong},
  ALTeditor =  {},
  title = 	 {Programação Linear Uma Abordagem Prática},
  publisher = 	 {Edufscar},
  year = 	 {2013},
  OPTkey = 	 {},
  OPTvolume = 	 {},
  OPTnumber = 	 {},
  OPTseries = 	 {},
  address = 	 {São Paulo},
  edition = 	 {1},
  OPTmonth = 	 {},
  OPTnote = 	 {},
  OPTannote = 	 {}
}
%-----------------------------------------------------------------------------------
@Book{Roffel:2007,
  author = 	 {B. Roffel and B. H. L. Bettem},
  ALTeditor =  {},
  title = 	 {Advanced Practical Process Control},
  publisher = 	 {Edufscar},
  year = 	 {2007},
  OPTkey = 	 {},
  OPTvolume = 	 {},
  OPTnumber = 	 {},
  OPTseries = 	 {},
  address = 	 {São Paulo},
  edition = 	 {1},
  OPTmonth = 	 {},
  OPTnote = 	 {},
  OPTannote = 	 {}
}
%---------------------------------------------------------------------------------
@Book{Karloff:2008,
  author = 	 {Howard Karloff},
  ALTeditor =  {},
  title = 	 {Linear Programming},
  publisher = 	 {Springer Science e Business Media},
  year = 	 {2008},
  OPTkey = 	 {},
  OPTvolume = 	 {},
  OPTnumber = 	 {},
  OPTseries = 	 {},
  address = 	 {USA},
  edition = 	 {1},
  OPTmonth = 	 {},
  OPTnote = 	 {},
  OPTannote = 	 {}
}
%----------------------------------------------------------------------------------
@Book{Carvalho:2014,
  author = 	 {João M. S. Carvalho},
  ALTeditor =  {},
  title = 	 {Programação Linear: Algoritmos simplex primal, dual, transporte e afetação},
  publisher = 	 {Vida Economica Editorial},
  year = 	 {2014},
  OPTkey = 	 {},
  OPTvolume = 	 {},
  OPTnumber = 	 {},
  OPTseries = 	 {},
  address = 	 {USA},
  edition = 	 {1},
  OPTmonth = 	 {},
  OPTnote = 	 {},
  OPTannote = 	 {}
}
%-----------------------------------------------------------------------------------
%verificar ano
@Book{Dantzig:2003,
  author = 	 {George B. Dantzig and Mukund N. Thapa},
  ALTeditor =  {},
  title = 	 {Linear Programming 2: Theory and Extensions},
  publisher = 	 {Springer Science e Business Media},
  year = 	 {2003},
  OPTkey = 	 {},
  OPTvolume = 	 {},
  OPTnumber = 	 {},
  OPTseries = 	 {},
  address = 	 {USA},
  edition = 	 {1},
  OPTmonth = 	 {},
  OPTnote = 	 {},
  OPTannote = 	 {}
}
%-----------------------------------------------------------------------------------
@Book{Gass:2003,
  author = 	 {Saul I. Gass},
  ALTeditor =  {},
  title = 	 {Linear Programming: Methods and Applications},
  publisher = 	 {Courier Dover Publications},
  year = 	 {2003},
  OPTkey = 	 {},
  OPTvolume = 	 {},
  OPTnumber = 	 {},
  OPTseries = 	 {},
  address = 	 {New York},
  edition = 	 {1},
  OPTmonth = 	 {},
  OPTnote = 	 {},
  OPTannote = 	 {}
}
%------------------------------------------------------------------------------------
@Book{Feiring:1986,
  author = 	 {B. Feiring},
  ALTeditor =  {},
  title = 	 {Linear Programming: An Introduction},
  publisher = {SAGE},
  year = 	 {1986},
  OPTkey = 	 {},
  OPTvolume = 	 {},
  OPTnumber = 	 {},
  OPTseries = 	 {},
  address = 	 {USA},
  edition = 	 {60},
  OPTmonth = 	 {},
  OPTnote = 	 {},
  OPTannote = 	 {}
}
%-------------------------------------------------------------------------------
@Book{Kolman:1995,
  author = 	 {Bernard Kolman},
  ALTeditor =  {},
  title = 	 {Elementary Linear Programming with Applications},
  publisher = {Gulf Professional Publishing},
  year = 	 {1995},
  OPTkey = 	 {},
  OPTvolume = 	 {},
  OPTnumber = 	 {},
  OPTseries = 	 {},
  address = 	 {USA},
  edition = 	 {2},
  OPTmonth = 	 {},
  OPTnote = 	 {},
  OPTannote = 	 {}
}
%--------------------------------------------------------------------------------
@phdthesis{Longhi:2001,
author = {Luís Gustavo Soares Longhi},
title = {Solução do Problema de Controle Não-Linear},
school = {Universidade Federal do Rio De Janeiro},
year = {2001}
}
%-------------------------------------------------------------------------------
@Book{Nise:2002,
  author = 	 {Norma S. Nise},
  ALTeditor =  {},
  title = 	 {Engenharia de Sistemas de Controle},
  publisher = {LTC},
  year = 	 {2002},
  OPTkey = 	 {},
  OPTvolume = 	 {},
  OPTnumber = 	 {},
  OPTseries = 	 {},
  address = 	 {Rio de Janeiro},
  edition = 	 {3},
  OPTmonth = 	 {},
  OPTnote = 	 {},
  OPTannote = 	 {}
}
%-------------------------------------------------------------------------
@Book{Ogata:2010,
  author = 	 {Katsuhiko Ogata},
  ALTeditor =  {},
  title = 	 {Engenharia de Controle Moderno},
  publisher = {Prentice-Hall},
  year = 	 {2010},
  OPTkey = 	 {},
  OPTvolume = 	 {},
  OPTnumber = 	 {},
  OPTseries = 	 {},
  address = 	 {São Paulo},
  edition = 	 {5},
  OPTmonth = 	 {},
  OPTnote = 	 {},
  OPTannote = 	 {}
}
%-----------------------------------------------------------------------------
@Book{Dorf:2009,
  author = 	 {Richard C. Dorf and Robert H. Bishop},
  ALTeditor =  {},
  title = 	 {Sistemas de Controle Modernos},
  publisher = {LTC},
  year = 	 {2009},
  OPTkey = 	 {},
  OPTvolume = 	 {},
  OPTnumber = 	 {},
  OPTseries = 	 {},
  address = 	 {Rio de Janeiro},
  edition = 	 {10},
  OPTmonth = 	 {},
  OPTnote = 	 {},
  OPTannote = 	 {}
}
%-----------------------------------------------------------------------------
@Book{Nise:2009,
  author = 	 {Norma S. Nise},
  ALTeditor =  {},
  title = 	 {Engenharia de Sistemas de Controle},
  publisher = {LTC},
  year = 	 {2009},
  OPTkey = 	 {},
  OPTvolume = 	 {},
  OPTnumber = 	 {},
  OPTseries = 	 {},
  address = 	 {[S.l.]},
  edition = 	 {5},
  OPTmonth = 	 {},
  OPTnote = 	 {},
  OPTannote = 	 {}
}
%----------------------------------------------------------------------
@Book{Ogata:2003,
  author = 	 {Katsuhiko Ogata},
  ALTeditor =  {},
  title = 	 {Engenharia de Controle Moderno},
  publisher = {Prentice-Hall},
  year = 	 {2003},
  OPTkey = 	 {},
  OPTvolume = 	 {},
  OPTnumber = 	 {},
  OPTseries = 	 {},
  address = 	 {São Paulo},
  edition = 	 {4},
  OPTmonth = 	 {},
  OPTnote = 	 {},
  OPTannote = 	 {}
}
%-------------------------------------------------------------------
@Book{Faleiros:2002,
  author = 	 {Antonio Faleiros and Takashi Youneyama},
  ALTeditor =  {},
  title = 	 {Teoria Matematica de Sistemas},
  publisher = {Editora Arte e Ciência},
  year = 	 {2002},
  OPTkey = 	 {},
  OPTvolume = 	 {},
  OPTnumber = 	 {},
  OPTseries = 	 {},
  address = 	 {São Paulo},
  edition = 	 {1},
  OPTmonth = 	 {},
  OPTnote = 	 {},
  OPTannote = 	 {}
}
%------------------------------------------------------------------------
@Misc{Marques:1994,
  OPTkey = 	 {},
  author = 	 {Sirlene Aparecida Marques},
  title = 	 {Sistemas Lineares Sujeitos a Restrições: Regulação Robusta e Alocação Regional Partcial de Polos},
  howpublished = {Engenharia Elétrica},
  month = 	 jul,
  year = 	 1994,
  note = 	 {Universidade Estadual de Campinas},
  OPTannote = 	 {}
}
%------------------------------------------------------------------------
@phdthesis{Araujo:2011,
author = {José Mário Aráujo},
title = {Controle e Observação de Estado em Sistemas Descritores Lineares Sujeitos a Restrições},
school = {Universidade Federal da Bahia},
year = {2011}
}
%-----------------------------------------------------------------------
% Verificar o mês
@Misc{Nogueira:2009,
  OPTkey = {},
  author = {Alvaro Nogueira},
  title = {Controle Robusto H de Sistemas Discretos Sujeitos a Restrições no Controle e na Saída},
  howpublished = {Engenharia de Produção e Sistemas},
  month = 	 dec,
  year = 	 2009,
  note = 	 {Universidade Católica do Paraná},
  OPTannote = {Curitiba}
}
%---------------------------------------------------------------------------------
@Misc{Rocha:1994,
  OPTkey = {},
  author = {Thereza Cristina Texeira Rocha},
  title = {Domínios Positivamente Invariantes de Sistemas Lineares com Restrições nas Variáveis de Controle},
  howpublished = {Engenharia Elétrica},
  month = jul,
  year = 1994,
  note = {Universidade de Santas Catarina},
  OPTannote ={Florianópolis}
}
%------------------------------------------------------------------------------------
@article{Kvasnica:2004,
Author = {Michal Kvasnica and Pascal Grieder and Mato Baoti and Manfred Morari},
Date-Added = {},
Date-Modified = {},
Journal = {Hybrid Systems: Computation and Control},
Volume = {2993},
Pages = {448-462},
Title = {Multi-Parametric Toolbox (MPT)},
Year = {2004}
}

%-------------------------------------------------------------------------------------
%-----------------------------------------------------------------------------------------

% Referências Capítulo 3 (Invariante Set)

%----------------------------------------------------------------------------------
	@Book{Blanchini:2008,
  author = 	 {Franco Blanchini and Stefano Miani},
  ALTeditor =  {},
  title = 	 {Set-Theoretic Methods in Control},
  publisher = {Birkhauser},
  year = 	 {2008},
  OPTkey = 	 {},
  OPTvolume = 	 {},
  OPTnumber = 	 {},
  OPTseries = 	 {},
  address = 	 {Boston},
  edition = 	 {1},
  OPTmonth = 	 {},
  OPTnote = 	 {},
  OPTannote = 	 {}
}
%------------------------------------------------------------------------------------
@Misc{Kerrigan:2000,
  OPTkey = 	 {},
  author = 	 {Eric C. Kerrigan},
  title = 	 {Robust Constraint Satisfaction: Invariant Sets and Predictive Control},
  howpublished = {Control Group Department of Engineering},
  month = 	 nov,
  year = 	 2000,
  note = 	 {University of Cambridge},
  OPTannote = 	 {}
}
%--------------------------------------------------------------------------------------
@inproceedings{Pimenta:2005,
	author = {Carlos E. T. Dórea and Antonio Carlos C. Pimenta},
	title = {Design of Set-Invariant Estimators for Linear Discrete-Time Systems},
	booktitle = {44th IEEE Conference on Decision and Control, and the European Control Conference},
	year = {2005},
	month = {dec},
	address = {Seville, Spain}
}
%------------------------------------------------------------------------------------------
%Verificar data
@article{Alessio:2009,
Author = {A. Alessio and  M. Lazar and  A. Bemporad and  W.P.M.H. Heemels},
Journal = {Automatica},
Volume = {43},
Pages = {2096-2103},
Title = {Squaring the circle: An algorithm for generating polyhedral invariant sets from ellipsoidal ones},
Year = {2009}
}
%------------------------------------------------------------------------------------------
@inproceedings{Araujo:2010,
author = {José M. Aráujo and Péricles R. Barros and Carlos E.T. Dórea},
title = {Conditioned-Invariant Polyhedral Sets for Observers with Error Limitation in Discrete-Time Descriptor Systems},
booktitle = {Proceedings of the 19th International Symposium on Mathematical Theory of Networks and Systems},
year = {2010},
month = {jul},
address = {Budapest, Hungary}
}
%---------------------------------------------------------------------------------------
@Book{Papadimitriou:1998,
 author = 	 {Christos H. Papadimitriou and Kenneth Steiglitz},
 ALTeditor =  {},
 title = 	 {Combinatorial Optimization: Algorithms and Complexit},
 publisher = {Prentice Hall},
 year = 	 {1998},
 OPTkey = 	 {},
 OPTvolume = 	 {},
 OPTnumber = 	 {},
 OPTseries = 	 {},
 address = 	 {New Jersey},
 edition = 	 {1},
 OPTmonth = 	 {},
 OPTnote = 	 {},
 OPTannote = 	 {}
}
%-----------------------------------------------------------------------------------------
@Book{Schrijver:1996,
 author = 	 {A. Schrijver},
 ALTeditor =  {},
 title = 	 {Theory of Linear and Integer Programming},
 publisher = {John Wiley and Sons},
 year = 	 {1996},
 OPTkey = 	 {},
 OPTvolume = 	 {},
 OPTnumber = 	 {},
 OPTseries = 	 {},
 address = 	 {New York},
 edition = 	 {1},
 OPTmonth = 	 {},
 OPTnote = 	 {},
 OPTannote = 	 {}
}
%-------------------------------------------------------------------------------------------
@inproceedings{Dorea:1996,
author = {Carlos E.T. Dórea  and Jean-Claude Hennet },
title = {Computation of Maximal Admissible Sets of Constrained Linear Systems},
booktitle = {Proc. 4th IEEE Mediterranean Symposium on New Directions in Control and Automation},
year = {1996},
month = {},
address = {}
}
%-------------------------------------------------------------------------------------------
@article{Hennet:1995,
Author = {Jean-Claude Hennet},
Journal = {Control and Dynamic Systems},
Volume = {71},
Pages = {157-213},
Title = {Discrete Time Constrained Linear Systems},
Year = {1995}
}
%------------------------------------------------------------------------------------------
@Book{Kirk:2004,
author = 	 {Donald E. Kirk},
ALTeditor = {},
title = {Optimal Control Theory: An Introduction},
publisher = {Dover Publications},
year = {2004},
OPTkey = 	 {},
OPTvolume = 	 {},
OPTnumber = 	 {},
OPTseries = 	 {},
address = 	 {New Jersey},
edition = 	 {1},
OPTmonth = 	 {},
OPTnote = 	 {},
OPTannote = 	 {}
}

%-----------------------------------------------------------------------------------
%---------------------------------------------------------------------------------

%  Referências do Capítulo 4 (Multiparamétrica)
%----------------------------------------------------------------------------------
@article{Kouramasa:2011,
Author = {K.I. Kouramasa and N.P. Faíscab and C. Panosa and E.N. Pistikopoulosa},
Journal = {Automatica},
Volume = {47},
Pages = {16381645},
Title = {Explicit/multi-parametric model predictive control (MPC) of linear discrete-time systems by dynamic and multi-parametric programming },
Year = {2011}
}
%-------------------------------------------------------------------------------------
@article{Filippi:2004,
Author = {C. Filippi},
Journal = {Journal of Optimization Theory and Applications},
Volume = {120},
Pages = {73-95},
Title = {An Algorithm for Approximate Multiparametric Linear Programming},
Year = {2004}
}
%------------------------------------------------------------------------------------
@article{Borrelli:2003,
Author = { F. Borreli and A. Bemporad and M. Morari},
Journal = {Journal of Optimization Theory and Applications},
Volume = {118},
Pages = {515540},
Title = {Geometric algorithm for multiparametric linear programming},
Year = {2003}
}
%------------------------------------------------------------------------
@inproceedings{Sakizlis:2007,
author = {Vassilis Sakizlis and Konstantinos I. Kouramas and Efstratios N. Pistikopoulos},
title = {Linear Model Predictive Control via Multiparametric Programming},
booktitle = {WILEY-VCH},
year = {2007},
month = {},
address = {}
}
%-----------------------------------------------------------------------------
@article{Bemporad:2002,
Author = {Alberto Bemporad and Francesco Borrelli and Manfred Morari},
Journal = {Automatic Control},
Volume = {47},
Pages = {1974-1985},
Title = {Model predictive control based on linear programming - the explicit solution},
Year = {2002}
}
%--------------------------------------------------------------------------------
%Observar datas
@inproceedings{Pistikopoulos:1997,
author = {E. N. Pistikopoulos},
title = {Parametric and Stochastic Programming algorithm for process optimization under uncertainty},
booktitle = {Aspen World},
year = {1997},
month = {jul},
address = {Boston Massachusetts}
}
%-------------------------------------------------------------------------------
@article{Gal:1972,
Author = {T. Gal and J. Nedoma},
Journal = {Management Science},
Volume = {18},
Pages = {406-422},
Title = {Multiparametric Linear Programming},
Year = {1972}
}
%----------------------------------------------------------------------------
@article{Fiacco:1976,
Author = {A. V. Fiacco},
Journal = {Math Program},
Volume = {10},
Pages = {287-311},
Title = {Sensitivity analysis for nonlinear programming using penalty methods},
Year = {1976}
}
%---------------------------------------------------------------------------
@article{McBride:1980,
Author = {R. D. McBride and J. S. Yorkmark},
Journal = {Management Science},
Volume = {26},
Pages = {784-795},
Title = {Finding all the solutions for a class of parametric quadratic integer programming problems},
Year = {1980}
}
%----------------------------------------------------------------------------
@article{Geoffrion:1977,
Author = {A. Geoffrion and R. Nauss},
Journal = {Management Science},
Volume = {23},
Pages = {453466},
Title = {Parametric and Postoptimality Analysis in Integer Linear Programming},
Year = {1977}
}
%-----------------------------------------------------------------------------
@inproceedings{Kouramas:2011,
author = {Konstantinos Kouramas and Christos Panos and Efstratios N. Pistikopoulos},
title = {Algorithm for robust explicit/multi-parametric MPC in embedded control systems},
booktitle = {18th IFAC World Congress},
year = {2011},
month = {sep},
address = {Milano (Italy)}
}
%---------------------------------------------------------------------
@inproceedings{Neves:2013,
author = {Letícia R L Neves and José L F Salles and Wagner T da Costa},
title = {Integração das Disciplinas de Controle e Sistemas Digitais no Desenvolvimento de um CPBM em FPGA usando o HDL CODER},
booktitle = {XLI Congresso Brasileiro de Educação a Engenharia},
year = {2013},
month = {sep},
address = {Gramado RS} 
}
%-----------------------------------------------------------------------
@article{Bemporad:2006,
Author = {Alberto Bemporad and Carlo Filippi},
Journal = {Computational Optimization and Applications},
Volume = {35},
Pages = {87-108},
Title = {An Algorithm for Approximate Multiparametric Convex Programming},
Year = {2006}
}
%---------------------------------------------------------------------------
@Misc{Weinkeller:2012,
  OPTkey = 	 {},
  author = 	 {Gustavo Perim Cola Weinkeller},
  title = 	 {Controle Preditivo de Sistemas PWA via Programação Multiparamétrica Aplicado um Uma Cadeira de Rodas Robótica},
  howpublished = {Control Group Department of Engineering},
  month = 	 aug,
  year = 	 2012,
  note = {Universidade Federal Do Espírito Santo},
  OPTannote = {Vitória}
}
%-----------------------------------------------------------------------------------
@article{Johansen:2007,
Author = {T. A. Johansen and W. Jackson and R. Schreiber and P. Tondel},
Journal = {Control Systems Technology},
Volume = {15},
Pages = {191 - 197},
Title = {Hardware Synthesis of Explicit Model Predictive Controllers},
Year = {2006}
}
%--------------------------------------------------------------------------------
@Book{Rossiter:2003,
author = 	 {J. A Rossiter},
ALTeditor = {},
title = {Model-Based Predictive Control: A Practical Approach},
publisher = {Boca Raton},
year = {2003},
OPTkey = 	 {},
OPTvolume = 	 {},
OPTnumber = 	 {},
OPTseries = 	 {},
address = 	 {New Jersey},
edition = 	 {1},
OPTmonth = 	 {},
OPTnote = 	 {},
OPTannote = 	 {}
}
%------------------------------------------------------------------------------------
@Book{Kvasnica:2009,
author = 	 {M. Kvasnica},
ALTeditor = {},
title = {Real-Time Model Predictive 
Control Via Multi-Parametric Programming},
publisher = {Saarbrücken},
year = {2009},
OPTkey = 	 {},
OPTvolume = 	 {},
OPTnumber = 	 {},
OPTseries = 	 {},
address = 	 {Alemanha},
edition = 	 {1},
OPTmonth = 	 {},
OPTnote = 	 {},
OPTannote = 	 {}
}
%-----------------------------------------------------------------------------------
@inproceedings{Weinkeller:2008,
author = {Gustavo P. C. Weinkeller and José Leandro F. Salles and Teodiano F. B. Filho},
title = {Controle Preditivo via Programação Multiparamétrica Aplicado no Modelo Cinemático de uma Cadeira de Rodas Robótica},
booktitle = {XI SBAI DINCON 2013},
year = {2008},
month = {oct},
address = {Fortaleza CE}
}
%----------------------------------------------------------------------------------------
%Referência de Figura
@inproceedings{Pekar:2008,
author = {Jaroslav Pekar and Francesco Borralli and Gregory Stewart },
title = {Method and system for the design and implementation of optimal multivariable model predictive controllers for fast-sampling constrained dynamic systems},
booktitle = {Honeywell International Inc-Patent Services},
year = {2008},
month = {apr},
address = {USA}
}
%-------------------------------------------------------------------------------
@article{Zeilinger:2011,
Author = {M. N. Zeilinger and C. N. Jones and M. Morari},
Journal = {Automatic Control},
Volume = {56},
Pages = {1524-1534},
Title = {Real-Time Suboptimal Model Predictive Control Using a Combination of Explicit MPC and Online Optimization},
Year = {2011}
}
%--------------------------------------------------------------------------------
%verificar cidade
@Book{Kouvaritakis:2001,
 author = 	 {Basil Kouvaritakis and Mark Cannon},
 ALTeditor =  {},
 title = 	 {Non-Linear Predictive Control: Theory and Practice},
 publisher = {IET},
 year = 	 {2001},
 OPTkey = 	 {},
 OPTvolume = 	 {},
 OPTnumber = 	 {},
 OPTseries = 	 {},
 address = 	 {New York},
 edition = 	 {1},
 OPTmonth = 	 {},
 OPTnote = 	 {},
 OPTannote = 	 {}
}
%--------------------------------------------------------------------------------
@article{Pistikopoulos:2012b,
Author = {Efstratios N. Pistikopoulos},
Journal = {Computers e Chemical Engineering},
Volume = {47},
Pages = {57-66},
Title = {From multi-parametric programming theory to MPC-on-a-chip multi-scale systems applications},
Year = {2012b}
}
%-----------------------------------------------------------------------------------------
%---------------------------------------------------------------------------------------
% Referência do Capítulo 5 (Clusters Analysis)
%--------------------------------------------------------------------------------------
@inproceedings{Fontana:2009,
author = {André Fontana and Murilo Coelho},
title = {Estudo e Comparação de Métodos para Estimação ao de Números de Grupos em Problemas de Agrupamento de Dados},
booktitle = {Relatórios Técnicos do ICMC},
year = {2009},
month = {mar},
address = {São Carlos}
}
%--------------------------------------------------------------------------------------
@Book{Sneath:1973,
 author = {P. H. A. Sneath and R. R. Sokal},
 ALTeditor =  {},
 title = 	 {Numerical taxonomy: The principles and practice of numerical classification},
 publisher = {ISBN},
 year = 	 {1973},
 OPTkey = 	 {},
 OPTvolume = 	 {},
 OPTnumber = 	 {},
 OPTseries = 	 {},
 address = 	 {New York},
 edition = 	 {1},
 OPTmonth = 	 {},
 OPTnote = 	 {},
 OPTannote = 	 {}
}
%---------------------------------------------------------------------------------------------
@Book{Frei:2006,
 author = {Fernando Frei},
 ALTeditor =  {},
 title = 	 {Introdução à análise de agrupamentos: Teoria e Prática},
 publisher = {UNESP},
 year = 	 {2006},
 OPTkey = 	 {},
 OPTvolume = 	 {},
 OPTnumber = 	 {},
 OPTseries = 	 {},
 address = 	 {Rio de Janeiro},
 edition = 	 {1},
 OPTmonth = 	 {},
 OPTnote = 	 {},
 OPTannote = 	 {}
}
%------------------------------------------------------------------------------
@Book{Romesburg:2004,
 author = {Charles Romesburg},
 ALTeditor =  {},
 title = 	 {Cluster Analysis for Researchers},
 publisher = {Lulu},
 year = 	 {2004},
 OPTkey = 	 {},
 OPTvolume = 	 {},
 OPTnumber = 	 {},
 OPTseries = 	 {},
 address = 	 {USA},
 edition = 	 {1},
 OPTmonth = 	 {},
 OPTnote = 	 {},
 OPTannote = 	 {}
}
%------------------------------------------------------------------------------------------
@Book{Hartigan:1975,
 author = {John A. Hartigan},
 ALTeditor =  {},
 title = 	 {Clustering Algorithms},
 publisher = {John VViley e Sons },
 year = 	 {1975},
 OPTkey = 	 {},
 OPTvolume = 	 {},
 OPTnumber = 	 {},
 OPTseries = 	 {},
 address = 	 {New York},
 edition = 	 {1},
 OPTmonth = 	 {},
 OPTnote = 	 {},
 OPTannote = 	 {}
}
%----------------------------------------------------------------------------------------
@Book{Everitt:2011,
 author = {Brian S. Everitt and Sabine Landau and Morven Leese and Daniel Stahl},
 ALTeditor =  {},
 title = 	 {Cluster Analysis},
 publisher = {John VViley e Sons},
 year = 	 {2011},
 OPTkey = 	 {},
 OPTvolume = 	 {},
 OPTnumber = 	 {},
 OPTseries = 	 {},
 address = 	 {London},
 edition = 	 {5},
 OPTmonth = 	 {},
 OPTnote = 	 {},
 OPTannote = 	 {}
}
%------------------------------------------------------------------------------------
@Book{Bussab:1990,
 author = {W. O. Bussab and E. S. Mizaki and D. F. ANDRADE},
 ALTeditor =  {},
 title = 	 {Introdução à Análise de Agrupamentos},
 publisher = {Associação Brasileira de Estatística},
 year = 	 {1990},
 OPTkey = 	 {},
 OPTvolume = 	 {},
 OPTnumber = 	 {},
 OPTseries = 	 {},
 address = 	 {São Paulo},
 edition = 	 {1},
 OPTmonth = 	 {},
 OPTnote = 	 {},
 OPTannote = 	 {}
}
%------------------------------------------------------------------------------------------
@Book{Miguel:2012,
 author = {Paulo Augusto Cauchick Miguel},
 ALTeditor =  {},
 title = 	 {Metodologia de Pesquisa em Engenharia de Produção e Gestão de Operações},
 publisher = {Campus},
 year = 	 {2012},
 OPTkey = 	 {},
 OPTvolume = 	 {},
 OPTnumber = 	 {},
 OPTseries = 	 {},
 address = 	 {Rio de Janeiro},
 edition = 	 {2},
 OPTmonth = 	 {},
 OPTnote = 	 {},
 OPTannote = 	 {}
}
%-------------------------------------------------------------------------------
@article{Cormack:1971,
Author = {R. Cormack},
Journal = {Journal of the Royal Statistical Society},
Volume = {134},
Pages = {321-367},
Title = {A review of classification},
Year = {1971}
}
%-------------------------------------------------------------------------------
@Book{Butenko:2009,
 author = {Sergiy Butenko and Wart Chaovalitwongse and Panos M. Pordalos},
 ALTeditor =  {},
 title = 	 {Clustering Challenges in Biological Networks},
 publisher = {World Scientific},
 year = 	 {2009},
 OPTkey = 	 {},
 OPTvolume = 	 {},
 OPTnumber = 	 {},
 OPTseries = 	 {},
 address = 	 {USA},
 edition = 	 {1},
 OPTmonth = 	 {},
 OPTnote = 	 {},
 OPTannote = 	 {}
}
%-------------------------------------------------------------------------------------
@article{Pitta:2010,
Author = {Rafael M. Pitta and Arlindo L. Boiça JR. and Flávio G. de Jesus and Sônia R. A. Tagliari},
Journal = {Pest Management},
Volume = {1},
Pages = {260-265},
Title = {Seleção de Genótipos Resistentes de Amendoinzeiro a Anticarsia Gemmatalis Hübner (Lepidoptera: Noctuidae) com Base em Análises  Multivariadas},
Year = {2010}
}
%------------------------------------------------------------------------------------
@Book{Han:2006,
 author = {Jiawei Han and Micheline Kamber and Jian Pei and Morgan Kaufmann},
 ALTeditor =  {},
 title = 	 {Data Mining},
 publisher = {Southeast Asia Edition: Concepts and Techniques},
 year = 	 {2006},
 OPTkey = 	 {},
 OPTvolume = 	 {},
 OPTnumber = 	 {},
 OPTseries = 	 {},
 address = 	 {USA},
 edition = 	 {1},
 OPTmonth = 	 {},
 OPTnote = 	 {},
 OPTannote = 	 {}
}
%---------------------------------------------------------------------------
@Book{Chattopadhyay:2014,
 author = {Asis Kumar Chattopadhyay and Tanuka Chattopadhyay},
 ALTeditor =  {},
 title = 	 {Statistical Methods for Astronomical Data Analysis},
 publisher = {Springer},
 year = 	 {2014},
 OPTkey = 	 {},
 OPTvolume = 	 {},
 OPTnumber = 	 {},
 OPTseries = 	 {},
 address = 	 {New York},
 edition = 	 {1},
 OPTmonth = 	 {},
 OPTnote = 	 {},
 OPTannote = 	 {}
}
%-----------------------------------------------------------------------------
@Book{Timm:2002,
 author = {Neil H. Timm},
 ALTeditor =  {},
 title = 	 {Applied Multivariate Analysis},
 publisher = {Springer Science e Business Media},
 year = 	 {2002},
 OPTkey = 	 {},
 OPTvolume = 	 {},
 OPTnumber = 	 {},
 OPTseries = 	 {},
 address = 	 {New York},
 edition = 	 {1},
 OPTmonth = 	 {},
 OPTnote = 	 {},
 OPTannote = 	 {}
}
%-------------------------------------------------------------------------------------
@Book{Wu:2012,
 author = {Junjie Wu},
 ALTeditor =  {},
 title = 	 {Advances in K-means Clustering: A Data Mining Thinking},
 publisher = {Series: Springer Theses},
 year = 	 {2012},
 OPTkey = 	 {},
 OPTvolume = 	 {},
 OPTnumber = 	 {},
 OPTseries = 	 {},
 address = 	 {Berlin},
 edition = 	 {6},
 OPTmonth = 	 {},
 OPTnote = 	 {},
 OPTannote = 	 {}
}
%---------------------------------------------------------------------------------------
@inproceedings{Macqueen:1967,
author = {J. Macqueen},
title = {Some Methods for Classification and Analysis of Multivariate Observations},
booktitle = {Berkeley Symposium on Mathematical Statistics and Probability},
year = {1967},
month = {mar},
address = {California}
}
%--------------------------------------------------------------------
@article{Sangita:2011,
Author = {Oswal Sangita and Jagli Dhanamma},
Journal = {Advances in Computing, Communication and Control Communications in Computer and Information Science},
Volume = {125},
Pages = {108-115},
Title = {An Improved K-Means Clustering Approach for Teaching Evaluation},
Year = {2011}
}
%-----------------------------------------------------------------------------
@Book{Mingoti:2013,
 author = {S. A. Mingoti},
 ALTeditor =  {},
 title = 	 {Análise de Dados Através de Métodos de Estatística Multivariada: Uma Abordagem Aplicada},
 publisher = {UFMG},
 year = 	 {2013},
 OPTkey = 	 {},
 OPTvolume = 	 {},
 OPTnumber = 	 {},
 OPTseries = 	 {},
 address = 	 {Belo Horizonte},
 edition = 	 {2},
 OPTmonth = 	 {},
 OPTnote = 	 {},
 OPTannote = 	 {}
}
%------------------------------------------------------------------------------------
@Book{Mingoti:2005,
 author = {S. A. Mingoti},
 ALTeditor =  {},
 title = 	 {Análise de Dados Através de Métodos de Estatística Multivariada: Uma Abordagem Aplicada},
 publisher = {UFMG},
 year = 	 {2005},
 OPTkey = 	 {},
 OPTvolume = 	 {},
 OPTnumber = 	 {},
 OPTseries = 	 {},
 address = 	 {Belo Horizonte},
 edition = 	 {1},
 OPTmonth = 	 {},
 OPTnote = 	 {},
 OPTannote = 	 {}
}
%------------------------------------------------------------------------------
@inproceedings{Kandylas:2001,
author = {Vasileios Kandylas},
title = {Projective clustering of high dimensional data},
booktitle = {Berkeley Symposium on Mathematical Statistics and Probability},
year = {2001},
month = {},
address = {S. l.}
}
%-------------------------------------------------------------------------------
@inproceedings{Elhamifar:2009,
author = {E. Elhamifar and R. Vidal},
title = {Projective clustering of high dimensional data},
booktitle = {Computer Vision and Pattern Recognition, 2009. CVPR 2009. IEEE Conference on},
year = {2009},
month = {june},
address = {Miami, FL}
}
%-------------------------------------------------------------------------------
@article{Vidal:2011,
Author = {René Vidal},
Journal = {IEEE Signal Processing Magazine},
Volume = {1},
Pages = {52-68},
Title = {Subspace Clustering: Applications in Motion Segmentation and Face Clustering},
Year = {2011}
}
%----------------------------------------------------------------------------------
@article{Pearson:1901,
Author = {K. Pearson},
Journal = {Philosophical Magazine},
Volume = {2},
Pages = {550-572},
Title = {On lines and planes of closest fit to system of point in space},
Year = {1901}
}
%----------------------------------------------------------------------------
@article{Hotteling:1933,
Author = {H. Hotteling},
Journal = {Journal of educational psychology},
Volume = {24},
Pages = {498-550},
Title = {Analysis of a complex of statistical variables into principal components},
Year = {1933}
}
%------------------------------------------------------------------------------------
@Misc{Kitani:2007,
 OPTkey = {},
 author = {Edson Caoru Kitani},
 title = {Análise de Discriminantes Lineares para Modelagem e Reconstrução de Imagens de Faces},
 howpublished = {Engenharia Elétrica},
 month = mar,
 year = 2007,
 note = {Centro Universitário da FEI Departamento de Engenharia Elétrica},
 OPTannote ={São Bernardo do Campo}
}
%----------------------------------------------------------------------------------
@Book{Kendall:1980,
 author = {M. Kendall},
 ALTeditor =  {},
 title = 	 {Multivariate Analysis},
 publisher = {Cherles Grifin},
 year = 	 {1980},
 OPTkey = 	 {},
 OPTvolume = 	 {},
 OPTnumber = 	 {},
 OPTseries = 	 {},
 address = 	 {},
 edition = 	 {2},
 OPTmonth = 	 {},
 OPTnote = 	 {},
 OPTannote = 	 {}
}
%--------------------------------------------------------------------------
@Book{Shlens:2003,
 author = {Jon Shlens},
 ALTeditor =  {},
 title = 	 {A Tutorial on Principal Component Analysis},
 publisher = {Derivation, Discussion and Singular Value Decomposition},
 year = 	 {2003},
 OPTkey = 	 {},
 OPTvolume = 	 {},
 OPTnumber = 	 {},
 OPTseries = 	 {},
 address = 	 {},
 edition = 	 {1},
 OPTmonth = 	 {},
 OPTnote = 	 {},
 OPTannote = 	 {}
}
%-----------------------------------------------------------------------
@inproceedings{Zhang:2009,
author = {Teng Zhang and Arthur Szlam and Gilad Lerman},
title = {Median K-flats for hybrid linear modeling with many outliers},
booktitle = {Proc. of 2nd IEEE International Workshop on Subspace Methods},
year = {2009},
month = {oct},
address = {Kyoto}
}
%---------------------------------------------------------------------------
@inproceedings{Lu:2006,
author = {Le Lu and  René Vidal},
title = {Combined central and subspace clustering for computer vision applications},
booktitle = {Proceeding ICML '06 Proceedings of the 23rd international conference on Machine learning},
year = {2006},
month = {sep},
address = {New York}
}
%----------------------------------------------------------------------------------------
%-----------------------------------------------------------------------------------------------
% Referência do Capítulo 6 (Estudo de Caso)
%------------------------------------------------------------------------------------------
@Book{Berg:2008,
 author = {Mark Berg and Otfried Cheong and Marc Van Kreveld and Mark Overmars},
 ALTeditor =  {},
 title = 	 {Computational Geometry: Algorithms and Applications},
 publisher = {Springer Science e Business Media},
 year = 	 {2008},
 OPTkey = 	 {},
 OPTvolume = 	 {},
 OPTnumber = 	 {},
 OPTseries = 	 {},
 address = 	 {Berlin},
 edition = 	 {1},
 OPTmonth = 	 {},
 OPTnote = 	 {},
 OPTannote = 	 {}
}
%----------------------------------------------------------------------------------------
%-----------------------------------------------------------------------------------------------
% Referência do Capítulo 7 (o. f. i. c.)
%--------------------------------------------------------------------------------
@Misc{Manesco:2013,
 OPTkey = {},
 author = {Rodolpho Moreira Manesco},
 title = {Projeto de controladores robustos para sistemas sujeitos a falhas estruturais usando realimentação estática de saída},
 howpublished = {Engenharia Elétrica},
 month = may,
 year = 2013,
 note = {Universidade Estadual Paulista},
 OPTannote ={Ilha Solteira}
}
%---------------------------------------------------------------------------------------
@Book{Trinh:2011,
 author = {Hieu Trinh and Tyrone Fernando},
 ALTeditor =  {},
 title = 	 {Functional Observers for Dynamical Systems},
 publisher = {Springer Science e Business Media},
 year = 	 {2011},
 OPTkey = 	 {},
 OPTvolume = 	 {},
 OPTnumber = 	 {},
 OPTseries = 	 {},
 address = 	 {Berlin},
 edition = 	 {1},
 OPTmonth = 	 {},
 OPTnote = 	 {},
 OPTannote = 	 {}
}
%---------------------------------------------------------------------------
@Misc{Oliveira:2014,
 OPTkey = {},
 author = {Clayton Antônio de Miranda Oliveira},
 title = {Projeto de Observadores de Estado Utilizando Algoritmos Genéticos},
 howpublished = {Engenharia Elétrica},
 month = jan,
 year = 2014,
 note = {Universidade Federal Rural do Semi-Árido Programa de Pós-Graduação em Sistemas de Comunicação e Automação},
 OPTannote ={Mossoró-RN}
}
%------------------------------------------------------------------------
%Obs. verificar dados
@article{Andriotti:1997,
Author = {José Leonardo Silva Andriotti},
Journal = {Acta Geologica Leopoldensia},
Volume = {28},
Pages = {27-50},
Title = {Análise de Componentes Principais: Fundamentos de uma técnica de análise de dados multivariada aplicavél a dados geológicos},
Year = {1997}
}
%---------------------------------------------------------------------------------------
@inproceedings{Nunez:2011,
author = {Z. Hidayat and R. Babuska and B. De Schutter and A. Nunez},
title = {Observers for linear distributed-parameter systems: A survey},
booktitle = {Proceedings of the 2011 IEEE International Symposium on Robotic and Sensors Environments},
year = {2011},
month = {sep},
address = {Montreal, Canada}
}
%---------------------------------------------------------------------------------
@article{Syrmos:1997,
Author = {V. L. Syrmos and C. T. Abdallah and P. Dorato and K. Grigariadis},
Journal = {Automatica},
Volume = {33},
Pages = {125-137},
Title = {Static Output Feedback- A Survey},
Year = {1997}
}
%---------------------------------------------------------------------------
@article{Dong:2007,
Author = {Jiuxiang Dong and Guang-Hong Yang and Senior Member},
Journal = {IEEE Transactions on Automatic Control},
Volume = {52},
Pages = {1930-1934},
Title = {Static Output Feedback Control Synthesis for Linear Systems With Time-Invariant Parametric Uncertainties},
Year = {2007}
}
%---------------------------------------------------------------------------------------
@article{Oliveira:2007,
Author = {Clayton Antonio Miranda Oliveira and Elmer Rolando Llanos and Reuber Regis de Melo},
Journal = {Intelligent Manufacturing Systems},
Volume = {11},
Pages = {288-293},
Title = {Solution of Equations of State and Output Feedback for a Line Transmission Via Invariant Subspaces},
Year = {2007}
}
%-------------------------------------------------------------------------------------------------
@Misc{Perez:2006,
 OPTkey = {},
 author = {José Manuel Gonzalez Tubio Perez},
 title = {Controle Preditivo Robusto Com Realimentação de Saída},
 howpublished = {Engenharia Química},
 month = mar,
 year = 2006,
 note = {Escola Politécnica da Universidade de São Paulo},
 OPTannote ={São Paulo}
}
%------------------------------------------------------------------------
@phdthesis{Perez:2012,
author = {José Manuel Gonzalez Tubio Perez},
title = {Controle Preditivo Multivariável com Modelo de Realinhamento e Robusto Quanto à Estabilidade},
school = {Universidade Federal do Rio De Janeiro},
year = {2012}
}
%-----------------------------------------------------------------
@Book{Tarbouriech:2007,
 author = {Sophie Tarbouriech and Germain Garcia and Adolf Hermann Glattfelder},
 ALTeditor =  {},
 title = 	 {Advanced Strategies in Control Systems with Input and Output Constraints},
 publisher = {Springer Science e Business Media},
 year = 	 {2007},
 OPTkey = 	 {},
 OPTvolume = 	 {},
 OPTnumber = 	 {},
 OPTseries = 	 {},
 address = 	 {Berlin},
 edition = 	 {1},
 OPTmonth = 	 {},
 OPTnote = 	 {},
 OPTannote = 	 {}
}
%----------------------------------------------------------------------------
@Book{Klingauf:2010,
 author = {Uwe Klingauf},
 ALTeditor =  {},
 title = 	 {Constrained Robust Optimal Trajectory Tracking: Model Predictive Control Approaches},
 publisher = {Technische Universitat Darmstadt},
 year = 	 {2010},
 OPTkey = 	 {},
 OPTvolume = 	 {},
 OPTnumber = 	 {},
 OPTseries = 	 {},
 address = 	 {},
 edition = 	 {1},
 OPTmonth = 	 {},
 OPTnote = 	 {},
 OPTannote = 	 {}
}
%------------------------------------------------------------------------------------------
@inproceedings{Dorea:2005,
author = {Carlos Eduardo Trabuco Dórea and Antonio Carlos C. Pimenta},
title = {Design of Set-Invariant Estimators for Linear Discrete-Time Systems},
booktitle = {Proceedings of the 44th IEEE Conference on Decision and Control, and the European Control Conference 2005},
year = {2005},
month = {dec},
address = {Seville, Spain}
}
%------------------------------------------------------------------------------------------
@inproceedings{Dorea:2006,
author = {Carlos Eduardo Trabuco Dórea},
title = {Set-Invariant Estimators for Multiple-Output Discrete-Time Systems},
booktitle = {Decision and Control, 2006 45th IEEE Conference on},
year = {2006},
month = {dec},
address = {San Diego, CA}
}
%-------------------------------------------------------------------------------
@inproceedings{Ding:2004,
author = {Chris Ding and Xiaofeng He},
title = {K-means Clustering via Principal Component Analysis},
booktitle = {International Conference on Machine Learning},
year = {2004},
month = {},
address = {Banff, Canada, 2004}
}

%------------------------------------------------------------------------------
@article{Faísca:2007,
Author = {Nuno P. Faísca and Konstantinos I Kouramas and Pedro M. Saraiva and Berç Rustem and Efstratios N. Pistkopoulos},
Journal = {Springer},
Volume = {1},
Pages = {1-14},
Title = {A multi-parametric programming approach for constrained dynamic programming problems},
Year = {2007}
}

































































 





 































