
@article{Conti:1985,
Author = {R. Conti},
Date-Added = {},
Date-Modified = {},
Journal = {Quaderni UMI},
Number = {30},
Pages = {},
Title = {Processi di Controllo Lineari in Rn },
Year = {1985}
}

@article{Alessandro:1997,
Author = {Paolo d' and Elena De Santis},
Date-Added = {},
Date-Modified = {},
Journal = {Control and Dynamic Systems},
Number = {71},
Pages = {35-94},
Title = {Techniques For Reachability in Input Constrained Discrete Time Linear Systemsl},
Year = {1997}
}

@Misc{Kido:2011,
  OPTkey = 	 {},
  author = 	 {Rafael Hisashi Zanettic Kido},
  title = 	 {Uma Aplicação de Controle Preditivo Multiparamétrico em Planejamento da Produção},
  howpublished = {Engenharia de Computação e Elétrica},
  month = 	 dec,
  year = 	 2011,
  note = 	 {Universidade Estadual de Campinas},
  OPTannote = 	 {}
}

@Misc{Silva:2013,
  OPTkey = 	 {},
  author = 	 {Edsilson Alfredo da Silva},
  title = 	 {Construção, Modelagem e controle de um Pêndulo Invertido com CLP e Software SCADA},
  howpublished = {Engenharia de Computação e Elétrica},
  month = 	 may,
  year = 	 2013,
  note = 	 {Universidade Paulista},
  OPTannote = 	 {}
}

@Book{Lin:2007,
  author = 	 {Feng Lin},
  ALTeditor = 	 {},
  title = 	 {Robust Control Design an Optimal Control Approach},
  publisher = 	 {Editora Wlily},
  year = 	 {2007},
  OPTkey = 	 {},
  OPTvolume = 	 {},
  OPTnumber = 	 {},
  OPTseries = 	 {},
  address = 	 {},
  edition = 	 {},
  OPTmonth = 	 {},
  OPTnote = 	 {},
  OPTannote = 	 {}
}

@Book{Schaufelberger:2003,
  author = 	 {A. H. Glattfelder and W. Schaufelberger},
  ALTeditor = 	 {},
  title = 	 {Robust Control Design an Optimal Control Approach},
  publisher = 	 {Editora Springer},
  year = 	 {2003},
  OPTkey = 	 {},
  OPTvolume = 	 {},
  OPTnumber = 	 {},
  OPTseries = 	 {},
  address = 	 {London},
  edition = 	 {},
  OPTmonth = 	 {},
  OPTnote = 	 {},
  OPTannote = 	 {}
}

@Misc{Santos:1996,
  OPTkey = 	 {},
  author = 	 {Max Moura Santos},
  title = 	 {Regulação sob restrições com alocação de polos aborrgadem para invariância positiva e programação linear},
  howpublished = {Engenharia de Computação e Elétrica},
  month = 	 sep,
  year = 	 1996,
  note = 	 {Universidade de Santa Catarina},
  OPTannote = 	 {}
}

@article{Blanchini:1999,
Author = {F. Blanchini},
Date-Added = {},
Date-Modified = {},
Journal = {Revista Automática},
Number = {35},
Pages = {1747-1767},
Title = {Set Invariance in Control},
Year = {1999}
}

@article{Dorea:1999,
Author = {C. E. T. Dórea and J. C. Hennet},
Date-Added = {},
Date-Modified = {},
Journal = {Journal of optmization Theory and Applications},
Number = {35},
Pages = {521-542},
Title = {(A, B)-Invariant Polyhedral Sets of Linear Discrete-Time Systemsl},
Year = {1999}
}

@inproceedings{Pimenta:2004,
author = {Antonio Carlos C. Pimenta and Carlos E. T. Dórea },
title = {(C, A)-Invariant Polyhedra and Design of State Observers with Error Limitation},
booktitle = {2nd Symposium on Systems, Structure and Control },
year = {2004},
month = {},
address = {Oaxaca}
}

@inproceedings{Dorea:2009,
author = {C. E. T. Dórea},
title = {Output-Feedback Controlled-Invariant Polyhedra for Constrained Linear Systems},
booktitle = {IEEE Conference on Decision adn Control and 28 th Chinese Control Conference },
year = {2009},
month = {},
address = {}
}

@Book{Camacho:2007,
  author = 	 {Eduardo F. Camacho and Carlos Bordons},
  ALTeditor = 	 {},
  title = 	 {Model Predictive Control},
  publisher = 	 {Editora Springer},
  year = 	 {2007},
  OPTkey = 	 {},
  OPTvolume = 	 {},
  OPTnumber = 	 {},
  OPTseries = 	 {},
  address = 	 {London},
  edition = 	 {2},
  OPTmonth = 	 {},
  OPTnote = 	 {},
  OPTannote = 	 {}
}


@article{Pistikopoulos:2012,
Author = {Efstratios N. Pistikopoulos, Luis Dominguez and Christos Panos and Konstantinos Kouramas and Altannar Chinchuluun },
Date-Added = {},
Date-Modified = {},
Journal = {Computational Management Science},
Number = {9},
Pages = {183-203},
Title = {Theoretical and algorithmic advances in multi-parametric programming and control},
Year = {2012}
}


@Book{Gal:1995,
  author = 	 {Gal Tomas},
  ALTeditor = 	 {},
  title = 	 {Postoptimal Analyses, Parametric Programming, and Related Topics},
  publisher = 	 {Editora DE},
  year = 	 {1995},
  OPTkey = 	 {},
  OPTvolume = 	 {},
  OPTnumber = 	 {},
  OPTseries = 	 {},
  address = 	 {Gruyter Berlin},
  edition = 	 {2},
  OPTmonth = 	 {},
  OPTnote = 	 {},
  OPTannote = 	 {}
}


@inproceedings{Bemporad:2003,
author = {A. Bemporad and F. Borelli and M. Morari},
title = {Min-Max Control of Constrained Uncertain Discrete-Time Linear Systems},
booktitle = {IEEE Transactions on Automatic Control, 48},
year = {2003},
month = {},
address = {}
}


@article{Rohal:2013,
Author = {Gergely Tokáscs and Boris Rohal'-llkiv },
Date-Added = {},
Date-Modified = {},
Journal = {Jornal of Vibration and Control},
Number = {},
Pages = {1-20},
Title = {Model predictive control algorithms for active vibration control: a study on timing, performance and implementation properties},
Year = {2013}
}



@article{Pistikopoulos:2013,
Author = {Efstratios N. Pistikopoulos },
Date-Added = {},
Date-Modified = {},
Journal = {Computers and Chemical Engineering},
Number = {47},
Pages = {57-66},
Title = {From Multi-parametric Programming Theory to MPC-on-A-Chip Multi-scale Systems Applicationsl},
Year = {2013}
}


@inproceedings{Zeilinger:2011,
author = { M.N. Zeilinger and   C.N. Jones  and  M. Morari },
title = {Real-time suboptimal model predictive control using a combination of explicit MPC and online optimization},
booktitle = {IEEE Automatic Control},
year = {2011},
month = {},
address = {}
}



@inproceedings{Goebel:2013,
author = { G. Goebel  and   F.  Allgower },
title = {Obtaining and employing state dependent parametrizations of prespecified complexity in constrained MPC},
booktitle = {Annual Conference: Decision and Control (CDC), 2013 IEEE 52nd Annual Conference},
year = {2013},
month = {},
address = {}
}


@Book{Brien:2011,
  author = 	 {James A. O' Brien},
  ALTeditor = 	 {},
  title = 	 {Sistemas de informação e As Decisões Gerais na era da Internet},
  publisher = 	 {Saraiva},
  year = 	 {2011},
  OPTkey = 	 {},
  OPTvolume = 	 {},
  OPTnumber = 	 {},
  OPTseries = 	 {},
  address = 	 {São Paulo},
  edition = 	 {3},
  OPTmonth = 	 {},
  OPTnote = 	 {},
  OPTannote = 	 {}
}


@Book{Russell:2009,
  author = 	 {Stuart J. Russell and Peter Norvig},
  ALTeditor = 	 {},
  title = 	 {Artificial Intelligence: A Modern Approach},
  publisher = 	 {Prentice Hall},
  year = 	 {2009},
  OPTkey = 	 {},
  OPTvolume = 	 {},
  OPTnumber = 	 {},
  OPTseries = 	 {},
  address = 	 {New Jersey},
  edition = 	 {3},
  OPTmonth = 	 {},
  OPTnote = 	 {},
  OPTannote = 	 {}
}



@Book{Ville:2006,
  author = 	 {Barry De Ville},
  ALTeditor = 	 {},
  title = 	 {Decision Trees for Business Intelligence and Data Mining: Using SAS Enterprise Miner},
  publisher = 	 {SAS Institute},
  year = 	 {2006},
  OPTkey = 	 {},
  OPTvolume = 	 {},
  OPTnumber = 	 {},
  OPTseries = 	 {},
  address = 	 {},
  edition = 	 {1},
  OPTmonth = 	 {},
  OPTnote = 	 {},
  OPTannote = 	 {}
}


@Book{Klopotek:2006,
  author = 	 {Mieczyslaw A. Klopotek and Slawomir T. Wierzchon and Krzysztof Trojanowski},
  ALTeditor = 	 {},
  title = 	 {Intelligent Information Processing and Web Mining},
  publisher = 	 {Springer},
  year = 	 {2006},
  OPTkey = 	 {},
  OPTvolume = 	 {},
  OPTnumber = 	 {},
  OPTseries = 	 {},
  address = 	 {},
  edition = 	 {1},
  OPTmonth = 	 {},
  OPTnote = 	 {},
  OPTannote = 	 {}
}

@Book{Maimon:2010,
  author = 	 { Oded Maimon and Lior Rokach},
  ALTeditor = 	 {},
  title = 	 {Data Mining and Knowledge Discovery Handbook},
  publisher = 	 {Springer},
  year = 	 {2010},
  OPTkey = 	 {},
  OPTvolume = 	 {},
  OPTnumber = 	 {},
  OPTseries = 	 {},
  address = 	 {New York},
  edition = 	 {2},
  OPTmonth = 	 {},
  OPTnote = 	 {},
  OPTannote = 	 {}
}


@Book{Montgomery:2012,
  author = 	 { Douglas C. Montgomery and Elizabeth A. Peck and G. Geoffrey Vining},
  ALTeditor = 	 {},
  title = 	 {Introduction to Linear Regression Analysis},
  publisher = 	 {Wiley},
  year = 	 {2012},
  OPTkey = 	 {},
  OPTvolume = 	 {},
  OPTnumber = 	 {},
  OPTseries = 	 {},
  address = 	 {New Jersey},
  edition = 	 {5},
  OPTmonth = 	 {},
  OPTnote = 	 {},
  OPTannote = 	 {}
}

@Book{Hair:2009,
  author = 	 {Joseph F. Hair and William C. Black and Barry J. Babin and Rolph E. Anderson and Ronald L. Tatham},
  ALTeditor = 	 {},
  title = 	 {Análise multivariada de dados},
  publisher = 	 {bookman},
  year = 	 {2009},
  OPTkey = 	 {},
  OPTvolume = 	 {},
  OPTnumber = 	 {},
  OPTseries = 	 {},
  address = 	 {Porto Alegre},
  edition = 	 {6},
  OPTmonth = 	 {},
  OPTnote = 	 {},
  OPTannote = 	 {}
}


@article{Wilmink:1984,
Author = {F. W. Wilmink M.A. and  M.D. and  H. T. Uytterschaut },
Date-Added = {},
Date-Modified = {},
Journal = {Springe},
Number = {},
Pages = {135-175},
Title = {Cluster Analysis, History, Theory and Applications},
Year = {1984}
}


@Misc{Prass:2004,
  OPTkey = 	 {},
  author = 	 {Fernando Sarturi Prass},
  title = 	 {Estudo Comparativo entre Algoritmos de Análise de Agrupamentos em Data Mining},
  howpublished = {Ciência da Computação},
  month = 	 nov,
  year = 	 2004,
  note = 	 {Universidade de Santa Catarina},
  OPTannote = 	 {}
}


@article{Clatworthy:2005,
Author = {Jane Clatworthy and Deanna Buick and Matthew Hankins, John Weinman and Robert Horne},
Date-Added = {},
Date-Modified = {},
Journal = {Journal of Health Psychology},
Number = {10},
Pages = {329-358},
Title = {The use and reporting of cluster analysis in health psychology: a review},
Year = {2005}
}

@inproceedings{Fonseca:2008,
author = { Jaime R. S. Fonseca},
title = {Os métodos quantitativos na sociologia: dificuldades de uma metodologia de investigação},
booktitle = {Congresso Português de Sociologia},
year = {2008},
month = {},
address = {Lisboa}
}


@inproceedings{Langdon:2012,
author = { Esther Jean Langdon, Maj-Lis Follér e Sônia Weidner Maluf},
title = {Um balanço da antropologia da saúde no Brasil e seus diálogos com as antropologias mundiais},
booktitle = {Anuário Antropológico},
year = {2012},
month = {},
address = {jul}
}

@article{Ferrari-Trecatea:2003,
Author = {Giancarlo Ferrari-Trecatea and  Marco Musellic and Diego Liberatid and Manfred Moraria},
Date-Added = {},
Date-Modified = {},
Journal = {Automatica},
Number = {39},
Pages = {205-217},
Title = {A clustering technique for the identification of piecewise affine systems},
Year = {2003}
}

@article{Yuksek:2005,
Author = {I. Yuksek and T. Kepceler and R. Guclu and N. Yagiz},
Date-Added = {},
Date-Modified = {},
Journal = {International Applied Mechanics},
Number = {41},
Pages = {1204-1209},
Title = {Cluster PID Control of Viaduct Road Vibration},
Year = {2005}
}


@Book{Campos:2006,
  author = 	 {Mario Cesar M. Massa de Campos and Herbert C. G. Teixeira},
  ALTeditor =  {},
  title = 	 {Controles Típicos},
  publisher = 	 {Edgar Blucher},
  year = 	 {2006},
  OPTkey = 	 {},
  OPTvolume = 	 {},
  OPTnumber = 	 {},
  OPTseries = 	 {},
  address = 	 {São Paulo},
  edition = 	 {1},
  OPTmonth = 	 {},
  OPTnote = 	 {},
  OPTannote = 	 {}
}

@article{Jyoti:2011,
Author = {Kiran Jyoti and Satyaveer Singh },
Date-Added = {},
Date-Modified = {},
Journal = {International Journal of Computer Applications},
Number = {2},
Pages = {975 – 8887},
Title = {Data Clustering Approach to Industrial Process Monitoring, Fault Detection and Isolation},
Year = {2011}
}

@article{Cao:2013,
Author = {Hui Cao and Lixin Jia and  Gangquan Si and Yanbin Zhang},
Date-Added = {},
Date-Modified = {},
Journal = {Journal of Process Control},
Number = {1},
Pages = {34–43},
Title = {A Clustering-analysis-based membership functions formation method for fuzzy controller of ball mill pulverizing system},
Year = {2013}
}